<record><leader>00000cas a2200000 i 4500</leader><controlfield tag="001">934729186</controlfield><controlfield tag="008">160114d18811901nbuwr ne      0    0eng c</controlfield><datafield ind1=" " ind2=" " tag="010"><subfield code="a">sn2016270207</subfield></datafield><datafield ind1=" " ind2=" " tag="040"><subfield code="a">LDL</subfield><subfield code="b">eng</subfield><subfield code="e">rda</subfield><subfield code="c">LDL</subfield><subfield code="d">OCLCF</subfield></datafield><datafield ind1="0" ind2="0" tag="245"><subfield code="a">Plattsmouth weekly journal.</subfield></datafield><datafield ind1="1" ind2=" " tag="246"><subfield code="i">Issues for &lt;April 23 1897-May 14, 1897&gt; published as:</subfield><subfield code="a">Plattsmouth journal</subfield></datafield><datafield ind1=" " ind2="1" tag="264"><subfield code="a">Plattsmouth, Neb. :</subfield><subfield code="b">C.W. Sherman,</subfield><subfield code="c">1881-1901.</subfield></datafield><datafield ind1=" " ind2=" " tag="300"><subfield code="a">21 volumes</subfield></datafield><datafield ind1=" " ind2=" " tag="310"><subfield code="a">Weekly,</subfield><subfield code="b">&lt;September 14, 1900&gt;-July 5, 1901</subfield></datafield><datafield ind1=" " ind2=" " tag="321"><subfield code="a">Weekly,</subfield><subfield code="b">December 21, 1881-&lt;May 14, 1897&gt;</subfield></datafield><datafield ind1=" " ind2=" " tag="321"><subfield code="a">Semiweekly,</subfield><subfield code="b">&lt;June 21, 1898&gt;-&lt;April 12, 1899&gt;</subfield></datafield><datafield ind1=" " ind2=" " tag="336"><subfield code="a">text</subfield><subfield code="b">txt</subfield><subfield code="2">rdacontent</subfield></datafield><datafield ind1=" " ind2=" " tag="337"><subfield code="a">unmediated</subfield><subfield code="b">n</subfield><subfield code="2">rdamedia</subfield></datafield><datafield ind1=" " ind2=" " tag="338"><subfield code="a">volume</subfield><subfield code="b">nc</subfield><subfield code="2">rdacarrier</subfield></datafield><datafield ind1="0" ind2=" " tag="362"><subfield code="a">Vol. 1, no. 1 (December 21, 1881)-vol. 21, no. 27 (July 5, 1901).</subfield></datafield><datafield ind1=" " ind2=" " tag="580"><subfield code="a">Other editions.: Plattsmouth daily journal, Daily journal (Plattsmouth, Neb.), Plattsmouth daily journal (Plattsmouth, Neb. : 1888), and: Daily journal (Plattsmouth, Neb. : 1898).</subfield></datafield><datafield ind1=" " ind2=" " tag="580"><subfield code="a">Published in conjunction with: Murray weekly journal, &lt;January&gt;-May 1897.</subfield></datafield><datafield ind1=" " ind2=" " tag="588"><subfield code="a">Description based on: Vol. 9, no. 48 (November 20, 1890); title from masthead.</subfield></datafield><datafield ind1=" " ind2=" " tag="588"><subfield code="a">Latest issue consulted: Vol. 21, no. 27 (July 5, 1901)</subfield></datafield><datafield ind1=" " ind2="0" tag="651"><subfield code="a">Plattsmouth (Neb.)</subfield><subfield code="v">Newspapers.</subfield></datafield><datafield ind1=" " ind2="7" tag="655"><subfield code="a">Newspapers.</subfield><subfield code="2">fast</subfield><subfield code="0">(OCoLC)fst01423814</subfield></datafield><datafield ind1=" " ind2="7" tag="651"><subfield code="a">Nebraska</subfield><subfield code="z">Plattsmouth.</subfield><subfield code="2">fast</subfield><subfield code="0">(OCoLC)fst01222697</subfield></datafield><datafield ind1=" " ind2=" " tag="752"><subfield code="a">United States</subfield><subfield code="b">Nebraska</subfield><subfield code="c">Cass</subfield><subfield code="d">Plattsmouth.</subfield></datafield><datafield ind1="1" ind2=" " tag="775"><subfield code="t">Plattsmouth daily journal</subfield></datafield><datafield ind1="1" ind2=" " tag="775"><subfield code="t">Daily journal (Plattsmouth, Neb.)</subfield></datafield><datafield ind1="1" ind2=" " tag="775"><subfield code="t">Plattsmouth daily journal (Plattsmouth, Neb. : 1888)</subfield></datafield><datafield ind1="1" ind2=" " tag="775"><subfield code="t">Daily journal (Plattsmouth, Neb. : 1898)</subfield></datafield><datafield ind1="0" ind2="0" tag="785"><subfield code="t">Plattsmouth journal</subfield><subfield code="w">(DLC)sn2016270206</subfield></datafield><datafield ind1="1" ind2=" " tag="787"><subfield code="t">Murray weekly journal</subfield></datafield></record>